@misc{website:fermentas-lambda,
  author = {Fermentas Inc.},
  title  = {Phage Lambda: description \& restriction map},
  month  = {November},
  year   = {2008},
  url    = {http://www.fermentas.com/techinfo/nucleicacids/maplambda.html}
}
@misc{website:mul-inputs,
  author = {Adrian Rosebrock},
  title  = {Keras: Multiple Inputs and Mixed Data - PyImageSearch},
  month  = {February},
  year   = {2019},
  url    = {https://www.pyimagesearch.com/2019/02/04/keras-multiple-inputs-and-mixed-data/}
}
@misc{website:mul-inputs,
  author = {"Christopher Justice, Louis Giglio, Luigi Boschetti, David Roy, Ivan Csiszar, Jeffrey Morisette, and Yoram Kaufman"},
  title  = { ATBD MOD14 - Algorithm Technical Background Document - MODIS FIRE PRODUCTS (EOS  ID# 2741)},
  month  = {October},
  year   = {2006},
  url    = {https://modis.gsfc.nasa.gov/data/atbd/atbd_mod14.pdf}
}
@misc{website:mul-inputs,
  author = {"Christopher Justice, Louis Giglio, Luigi Boschetti, David Roy, Ivan Csiszar, Jeffrey Morisette, and Yoram Kaufman"},
  title  = {THU NHẬN VÀ SỬ DỤNG DỮ LIỆU MODIS PHỤC VỤ QUẢN LÝ LỬA RỪNG TẠI VIỆT NAM},
  month  = {},
  year   = {2007},
  url    = {https://www.geoviet.vn/FM/GetFile.aspx}
}